@book{King2017BusinessInstructions,
    title = {{Business model canvas : a good tool with bad instructions?}},
    year = {2017},
    author = {King, Rod.},
    publisher = {CreateSpace Independent Publishing Platform},
    url = {https://aub-primo.hosted.exlibrisgroup.com/primo_library/libweb/action/display.do?tabs=detailsTab&ct=display&fn=search&doc=TN_gbv888817592&indx=1&recIds=TN_gbv888817592&recIdxs=0&elementId=&renderMode=poppedOut&displayMode=full&https://aub-primo.hosted.ex},
    isbn = {9781544841786}
}

@book{Osterwalder2010BusinessChallengers,
    title = {{Business model generation : a handbook for visionaries, game changers, and challengers}},
    year = {2010},
    author = {Osterwalder, Alexander and Pigneur, Yves and Clark, Tim and Smith, Alan},
    pages = {278},
    publisher = {John Wiley},
    address = {Chichester},
    isbn = {0470876417}
}

@article{Hong2013CriticismsCanvas,
    title = {{Criticisms, variations and experiences with business model canvas}},
    year = {2013},
    author = {Hong, Y Ching and Fauvel, Clemens},
    publisher = {Citeseer}
}

@incollection{Bouwman2008ServiceModels,
    title = {{Service Innovation and Business Models}},
    year = {2008},
    booktitle = {Mobile Service Innovation and Business Models},
    author = {Bouwman, H. and Fielt, E.},
    pages = {9--30},
    publisher = {Springer Berlin Heidelberg},
    url = {http://link.springer.com/10.1007/978-3-540-79238-3_1},
    address = {Berlin, Heidelberg},
    doi = {10.1007/978-3-540-79238-3{\_}1}
}